@misc{logicmonitor:cloud,
    author = "{}",
    title = "",
    howpublished = "\url{}",
    note = "Accessed 17-October-2022"
}
